1674 2688
245 166 328 206 200
626 168 770 199 BELm
796 168 1125 200 ALEXANDRINI

242 293 392 345 tenuis,
434 299 575 332 tamen
620 294 658 333 in
693 298 811 334 tanta
843 295 1087 349 provinciae
1120 294 1415 349 desperatione
1448 302 1540 336 crat

213 366 365 413 4g1·ata
398 362 648 415 praesertim
681 362 839 403 virtute
871 368 1012 417 parta,
1046 369 1087 403 ct
1119 377 1214 403 cum
1247 364 1451 405 Octavius
1484 380 1536 404 ex

240 429 342 483 fuga
389 429 621 471 Pharsalici
670 430 814 485 proelii
862 446 1018 485 magna
1065 431 1198 473 classe
1244 434 1284 473 in
1331 432 1446 473 illum
1492 448 1536 473 se

239 498 377 538 sinum
437 498 703 551 contulisset,
765 501 909 554 paucis
969 500 1149 541 navibus
1210 500 1535 553 ladertinorum,

239 580 419 620 quorum
466 580 633 621 semper
685 568 724 606 in
772 567 1077 622 rempublicam
1125 568 1337 622 singulare
1389 571 1537 610 consti-

238 641 349 676 terat
405 636 610 688 officium,
663 635 864 691 dispersis
913 638 1160 679 Octavianis
1212 638 1393 679 navibus
1445 645 1537 679 erat

239 706 414 758 potitus,
468 712 514 746 ut
565 705 628 746 vel
682 706 814 747 classe
874 706 1077 748 dimicare
1129 715 1269 762 posset
1325 708 1535 748 adiunctis

205 774 415 827 5captivis
448 774 630 815 navibus
670 776 890 816 sociorum.
954 776 1061 816 Cum
1095 776 1380 817 diversissima
1416 783 1534 831 parte

235 840 348 882 orbis
388 849 601 884 terrarum
633 842 708 884 Cn.
745 844 993 899 Pompeium
1026 844 1184 885 Caesar
1216 847 1350 885 victor
1390 860 1533 900 seque-

234 918 351 951 retur
383 912 705 968 compluresque
739 913 1007 954 adversarios
1040 915 1079 954 in
1114 913 1328 968 Illyricum
1362 921 1534 969 propter

234 981 512 1022 Macedoniae
547 982 906 1036 propinquitatem
940 996 984 1023 se
1017 982 1203 1037 reliquiis
1236 998 1289 1023 ex
1322 983 1421 1038 fuga
1456 983 1532 1025 col-

232 1050 350 1091 lectis
382 1051 607 1092 contulisse
640 1050 820 1104 audiret,
855 1051 1015 1092 litteras
1048 1051 1101 1092 ad
1127 1051 1359 1093 Gabinium
1392 1054 1531 1105 mittit⁷

232 1121 291 1160 uti
324 1134 418 1160 cum
451 1118 687 1174 legionibus
728 1118 935 1169 tironum,
977 1135 1086 1175 quae
1120 1135 1254 1176 nuper
1286 1127 1408 1162 erant
1439 1136 1531 1162 con-

231 1190 437 1243 scriptae,
486 1189 828 1243 proficisceretur
874 1191 913 1230 in
952 1189 1164 1243 lllyricum
1212 1191 1531 1244 coniunctisque

230 1259 360 1312 copiis
409 1272 502 1298 cum
538 1257 589 1309 Q.
625 1257 874 1310 Cornificio,
923 1259 953 1297 si
1003 1257 1116 1312 quod
1164 1257 1397 1312 periculum
1440 1273 1529 1312 pro—

200 1327 394 1367 evinciac
443 1326 689 1379 inferretur,
739 1325 989 1381 depelleret:
1040 1328 1099 1366 sin
1149 1342 1196 1367 ea
1240 1342 1320 1367 non
1366 1328 1530 1380 magnis

229 1396 359 1450 copiis
410 1401 502 1436 tuta
549 1410 640 1435 csse
690 1401 850 1450 posset,
904 1397 942 1435 in
992 1395 1290 1436 Macedoniam
1344 1395 1529 1449 legiones

227 1463 485 1505 adduceret:
538 1478 706 1504 omnem
755 1465 864 1504 enim
921 1463 1033 1504 illam
1081 1470 1244 1518 partem
1298 1465 1527 1518 regionem-

226 1547 309 1588 que
355 1534 453 1574 vivo
498 1531 573 1573 (fn.
608 1533 809 1587 Pompeio
855 1532 1010 1573 bellum
1058 1534 1389 1573 instauraturum
1437 1547 1527 1573 esse

226 1601 443 1642 credebat.

337 1671 405 1711 43.
455 1670 686 1723 Gabinius,
733 1676 780 1711 ut
821 1671 860 1711 in
905 1669 1117 1725 Illyricum
1163 1672 1300 1723 venit,
1348 1670 1526 1711 hiberno

224 1746 414 1795 tempore
463 1741 561 1780 anni
601 1755 651 1780 ac
692 1739 875 1791 difficili,
918 1741 1007 1780 sive
1051 1741 1326 1794 copiosiorem
1361 1740 1526 1795 provin-

225 1811 333 1849 ciam
365 1810 614 1849 existimans
654 1810 743 1849 sive
782 1808 961 1849 multum
1003 1808 1197 1849 fortunae
1230 1810 1402 1849 victoris
1425 1807 1525 1849 Cae-

224 1880 330 1918 saris
368 1877 560 1919 tribuens
600 1878 689 1918 sive
721 1879 878 1918 virtute
918 1884 959 1918 et
1000 1879 1173 1918 seientia
1217 1892 1291 1919 sua
1326 1877 1523 1929 confisus,

224 1962 351 2002 quam
399 1962 526 2001 saepe
573 1948 614 1987 in
663 1945 782 1986 bellis
830 1945 1090 2001 periclitatus
1136 1961 1314 2000 magnas
1366 1959 1432 1986 res
1484 1951 1526 1985 et

223 2016 433 2057 secundas
473 2016 604 2057 ductu
644 2030 836 2070 ausuque
877 2031 951 2056 suo
993 2022 1203 2069 gesserat,
1252 2029 1390 2070 neque
1432 2029 1522 2069 pro-

225 2087 386 2126 vinciae
420 2084 692 2126 stit-ultatibus
735 2083 1063 2136 sublevabatur,
1104 2099 1211 2139 quae
1246 2085 1399 2139 partim
1432 2089 1523 2122 crat

221 2155 440 2194 exinanita
472 2155 627 2209 partim
659 2153 859 2205 infidelis,
902 2168 1040 2207 neque
1081 2153 1262 2194 navibus
1294 2151 1520 2192 intercluso

223 2224 326 2263 mari
369 2221 695 2277 tempestatibus
738 2227 999 2262 commeatus
1049 2227 1300 2276 supportare
1342 2226 1519 2275 poterat,

220 2293 473 2346 magnisque
520 2289 844 2332 difficultatibus
892 2296 1062 2331 coactus
1110 2305 1191 2330 non
1238 2295 1285 2330 ut
1335 2288 1518 2340 volebat,

192 2360 294 2401 2sed
329 2366 375 2401 ut
405 2375 578 2402 necesse
611 2366 704 2401 erat
735 2358 890 2400 bellum
923 2358 1113 2413 gerebat.
1161 2358 1224 2399 'lta
1259 2372 1354 2398 cum
1387 2357 1519 2398 duris-
