1674 2688
274 195 353 235 132
702 193 766 225 DE
793 195 951 226 BELLO
980 191 1129 226 CIVILI

239 332 432 375 4vasque
484 321 691 361 amicitias
743 321 930 376 experiri
982 321 1303 362 constituerunt.
1366 322 1421 362 Et
1471 337 1566 363 cum

268 390 415 443 paucis
447 388 641 430 collocuti
663 388 886 430 clientibus
909 390 1006 442 suis,
1041 389 1194 444 quibus
1217 395 1383 430 tantum
1404 390 1568 431 facinus

267 459 531 499 committere
553 456 783 510 audebant,
818 459 1000 512 primum
1023 459 1161 499 conati
1185 464 1282 499 sunt
1303 459 1567 513 praefectum

267 528 458 581 equitum
498 525 543 568 C.
578 526 843 568 Volusenum
883 526 1138 579 interficere,
1186 533 1232 568 ut
1270 534 1417 582 postea
1458 527 1566 569 bello

267 595 461 637 confecto
500 598 717 651 cognitum
749 604 824 649 est,
869 602 915 637 ut
954 611 1049 636 cuni
1089 611 1265 636 munere
1305 596 1445 651 aliquo
1477 612 1566 652 per·
1672 622 1674 676 4

237 665 424 719 &ug-isse
465 665 520 706 ad
551 666 803 720 Pompeium
843 664 1111 718 viderentur,
1161 671 1387 720 postquam
1418 665 1460 706 id
1493 665 1567 706 dif-

265 733 414 774 ficilius
446 735 586 776 visum
617 741 679 775 est
711 749 849 789 neque
882 733 1061 775 facultas
1099 734 1346 788 perficiendi
1369 734 1565 788 dabatur,

265 816 395 856 quani
427 804 636 844 maximas
670 809 899 858 potuerunt
928 804 1131 858 pecunias
1164 805 1355 856 mutuati,
1390 804 1566 858 proinde

264 886 313 911 ac
361 873 446 912 suis
493 872 740 913 satisfacere
788 879 830 913 et
875 872 1076 913 fraudata-
1126 874 1349 913 restituere
1396 872 1565 926 vellent,

264 939 406 980 multis
439 943 644 996 coemptis
676 943 796 996 equis
828 941 883 982 ad
906 942 1155 996 Pompeium
1187 943 1447 982 transierunt
1470 957 1566 983 cum

263 1010 324 1061 iis,
359 1023 464 1063 qu‹5›s
497 1012 559 1051 sui
594 1009 751 1051 consilii
785 1011 1013 1066 participes
1046 1009 1276 1052 habebant.

378 1079 444 1119 61.
488 1080 607 1132 Quos
647 1080 888 1134 Pompeius,
931 1078 1044 1134 quod
1084 1085 1207 1119 erant
1253 1078 1429 1120 honesto
1477 1079 1564 1120 loco

262 1149 350 1188 nati
390 1154 431 1188 et
470 1150 664 1189 instructi
711 1147 942 1189 liberaliter
988 1162 1229 1203 magnoque
1277 1149 1479 1189 comitatu
1525 1154 1565 1188 et

262 1216 404 1257 multis
446 1218 646 1258 iumentis
677 1223 889 1258 venerant
919 1218 1084 1272 virique
1124 1217 1254 1258 fortes
1294 1216 1565 1258 habebantur

262 1292 303 1326 et
324 1287 366 1326 in
390 1286 549 1327 honore
576 1286 690 1340 apud
714 1286 944 1327 Gaesarem
973 1286 1154 1339 fuerant,
1179 1285 1379 1340 quodque
1405 1300 1563 1326 novum

262 1361 303 1394 ct
336 1361 506 1409 praeter
539 1355 890 1396 consuetudinem
922 1355 1150 1407 acciderat,
1185 1356 1323 1395 onmia
1347 1369 1423 1395 sua
1445 1369 1563 1409 prae-

233 1423 367 1464 2sidia
400 1424 687 1464 circumduxit
709 1430 838 1478 atque
861 1426 1102 1465 ostentavit.
1138 1424 1246 1464 Nam
1275 1430 1373 1464 ante
1395 1423 1438 1464 id
1460 1430 1562 1464 tem-

261 1507 338 1547 pus
371 1507 494 1533 nemo
529 1499 601 1533 aut
634 1492 752 1533 miles
793 1498 867 1533 aut
906 1507 1036 1547 eques
1075 1509 1099 1533 a
1132 1491 1316 1533 Caesare
1356 1492 1411 1533 ad
1443 1493 1563 1533 Pom-

261 1562 404 1616 peium
436 1563 677 1614 transierat,
720 1576 816 1602 cum
856 1576 991 1616 paene
1034 1561 1186 1602 cotidie
1218 1577 1243 1602 a
1274 1562 1476 1616 Pompeio
1508 1561 1563 1602 ad

260 1629 490 1671 Caesarem
523 1631 811 1685 pei-fugerent,
845 1631 972 1685 vulgo
1006 1646 1107 1671 vero
1139 1631 1326 1671 universi
1358 1632 1397 1670 in
1432 1631 1562 1685 Epiro

260 1706 389 1754 atque
422 1699 588 1741 Aetolia
623 1701 850 1754 conscripti
882 1699 1034 1740 milites
1067 1714 1300 1754 carumque
1339 1700 1562 1754 regionum

231 1770 460 1822 nomnium,
494 1784 603 1824 quae
637 1786 661 1809 a
691 1771 875 1810 Caesare
908 1768 1176 1810 tenebantur.
1211 1768 1295 1810 Sed
1318 1768 1360 1809 hi
1383 1769 1560 1823 cognitis

259 1837 453 1878 omnibus
486 1837 627 1890 rebus,
667 1853 741 1878 seu
774 1837 875 1893 quid
906 1839 949 1878 in
981 1837 1285 1878 munitionibus
1325 1837 1561 1892 perfectum

262 1922 345 1947 non
387 1913 492 1960 crat,
545 1922 620 1947 seu
659 1907 761 1961 quid
793 1922 818 1947 a
857 1906 1128 1962 11›eritioribus
1167 1908 1227 1947 rei
1270 1906 1460 1947 militaris
1493 1906 1561 1947 (le-

259 1975 438 2016 sidcrari
478 1975 720 2029 videbatur,
755 1976 1104 2031 temporibusque
1151 1991 1295 2017 rerum
1334 1981 1375 2016 et
1413 1976 1560 2030 spatiis

258 2044 460 2098 locorum,
501 2045 792 2086 custodiarum
824 2047 944 2086 varia
985 2045 1203 2099 diligentia
1244 2044 1558 2096 animadversa,

256 2120 382 2168 prout
414 2115 619 2168 cuiusque
651 2128 811 2166 eorum,
860 2115 931 2168 qui
978 2114 1158 2168 negotiis
1204 2118 1446 2167 praeerant,
1487 2117 1561 2153 aut
1666 2122 1674 2134 ¹·

255 2188 410 2223 natura
442 2188 515 2223 aut
546 2182 734 2223 studium
765 2181 944 2234 ferebat,
978 2182 1082 2222 hacc
1115 2181 1169 2222 ad
1203 2182 1452 2236 Pompeium
1475 2196 1558 2222 om-
1616 2184 1619 2238 j
1666 2187 1674 2196 ”

257 2252 327 2291 nia
360 2250 615 2292 detulerunt.

370 2320 435 2359 62.
472 2319 639 2372 Quibus
680 2319 746 2360 illc
779 2321 957 2375 cognitis
989 2320 1306 2375 eruptionisque
1346 2321 1430 2359 iam
1460 2324 1558 2360 ante
1611 2310 1613 2357 J

258 2394 381 2442 capto
415 2388 598 2442 consilio,
632 2395 678 2429 ut
710 2389 1048 2430 demonstratum
1071 2395 1146 2441 cst,
1171 2389 1403 2442 tegimenta
1424 2387 1557 2442 galeis
1608 2373 1611 2434 l
1656 2411 1663 2415 υ

1606 2462 1608 2479 l
