1674 2688
246 167 331 208 274
703 168 847 199 BELLI
873 167 1098 200 AFRICANI

217 295 510 334 4eonveniret.
558 294 724 347 ltaque,
775 308 857 348 quo
890 294 995 334 haec
1042 294 1219 336 celerius
1259 297 1542 351 conciperent,

247 361 380 402 dabat
427 376 614 417 operam,
663 368 710 402 ut
755 361 941 417 legiones
987 377 1072 404 non
1117 364 1160 404 in
1204 378 1288 405 uno
1327 364 1417 406 loeo
1449 380 1543 406 con-

246 433 413 484 tineret,
447 431 523 473 sed
554 447 630 486 per
661 446 836 473 eausam
867 432 1157 473 frumentandi
1189 433 1272 474 huc
1293 440 1422 488 atque
1447 433 1543 474 illuc

246 506 450 555 raptaret,
498 500 594 541 ideo
635 500 749 556 quod
794 500 979 542 hostium
1021 502 1163 556 copias
1203 501 1258 542 ab
1297 516 1342 543 se
1382 517 1543 557 suoque

217 570 425 625 5vestigio
470 583 554 610 non
602 569 864 611 discessuras
911 570 1197 612 existimabat.
1258 571 1403 626 Atque
1449 578 1545 627 post

246 638 359 679 diem
390 640 563 679 tertium
596 638 826 693 productas
858 640 1099 680 accuratius
1132 654 1230 681 suas
1262 641 1404 695 copias
1436 641 1544 681 sieut

244 709 520 761 instruxerat,
567 713 740 762 propter
787 707 971 748 hostium
1017 714 1157 748 eastra
1198 714 1543 763 praetergressus

244 791 380 831 aequo
412 776 501 818 loco
533 777 686 817 invitat
716 775 771 816 ad
803 775 1105 817 dimicandum.
1139 777 1371 832 Postquam
1392 776 1542 818 abhor-

243 860 339 886 rere
386 859 456 886 eos
503 845 633 897 videt,
680 845 846 886 reducit
891 844 970 886 sub
1010 860 1237 901 vesperum
1284 846 1469 901 legiones
1501 848 1542 887 in

244 920 396 956 eastra.

360 983 424 1023 74.
458 983 613 1038 Legati
646 984 815 1023 interim
848 998 902 1023 ex
935 983 1089 1038 oppido
1122 983 1259 1037 Vaga,
1308 983 1421 1037 quod
1453 983 1541 1024 fini-

243 1054 394 1094 timum
425 1052 503 1093 fuit
535 1052 679 1105 Zetae,
727 1053 846 1092 cuius
878 1051 1107 1093 Caesarem
1140 1053 1318 1107 potitum
1350 1066 1441 1093 esse
1473 1052 1541 1093 de-

214 1122 591 1173 2monstravimus,
625 1122 822 1175 veniunt;
856 1126 1007 1176 petunt
1039 1128 1081 1161 et
1113 1121 1352 1173 obsecrant,
1385 1126 1432 1162 ut
1463 1120 1542 1162 sibi

243 1190 505 1245 praesidium
551 1191 711 1230 mittat:
759 1204 803 1230 se
848 1204 917 1230 res
964 1189 1215 1244 complures,
1263 1204 1373 1244 quae
1418 1189 1541 1230 utiles

214 1259 351 1301 3bello
391 1261 485 1312 sint,
528 1256 942 1313 [adjministraturos.
976 1259 1059 1299 Per
1101 1258 1214 1300 idem
1246 1265 1412 1313 tempus
1445 1257 1539 1298 deo-

242 1344 337 1370 rum
376 1329 594 1370 voluntate
641 1328 866 1383 studioque
914 1343 1017 1382 erga
1050 1328 1279 1370 Caesarem
1317 1328 1540 1381 transfuga

243 1413 339 1439 suos
372 1399 486 1439 cives
518 1397 619 1438 facit
651 1399 852 1438 certiores
883 1396 1036 1438 Iubam
1058 1412 1205 1451 regem
1227 1397 1422 1438 celeriter
1444 1411 1541 1437 cum

244 1469 374 1523 copiis
416 1469 515 1520 suis,
559 1473 792 1521 antequam
831 1466 1028 1508 Caesaris
1071 1466 1330 1522 praesidium
1369 1480 1417 1506 eo
1450 1481 1540 1521 per-

241 1538 419 1589 veniret,
452 1535 507 1577 ad
539 1535 743 1590 oppidum
775 1536 1065 1577 accucurrisse
1088 1541 1216 1589 atque
1239 1534 1540 1576 advenientem

240 1605 510 1646 multitudine
549 1604 814 1646 circumdata
845 1619 893 1645 eo
926 1606 1105 1659 potitum
1138 1603 1418 1659 omnibusque
1450 1606 1539 1645 eius

242 1675 385 1730 oppidi
417 1674 563 1715 incolis
596 1673 651 1714 ad
683 1688 815 1714 unum
854 1673 1088 1714 interfectis
1130 1673 1297 1714 dedisse
1337 1673 1539 1728 oppidum

241 1743 527 1799 diripiendum
559 1742 874 1797 delendumque
905 1742 1119 1783 militibus.

380 1812 444 1851 75.
479 1810 638 1852 Caesar
670 1813 839 1852 interim
871 1811 1047 1853 lustrato
1087 1812 1282 1853 exercitu
1312 1825 1349 1852 a.
1383 1810 1423 1852 d.
1458 1822 1537 1851 ΧΠ.

240 1880 337 1922 Kal.
371 1879 505 1935 April.
554 1886 722 1934 postero
770 1879 837 1921 die
885 1880 1102 1935 productis
1152 1881 1362 1921 universis
1408 1880 1538 1934 copiis

240 1964 491 2006 progressus
530 1949 584 1990 ab
626 1951 711 1990 suis
751 1951 900 1990 castris
946 1950 1060 1991 milia
1099 1964 1303 2005 passuum
1333 1954 1366 1989 V
1397 1963 1422 1989 a
1454 1948 1538 1990 Sci-

241 2021 375 2075 pionis
408 2020 575 2060 circiter
608 2018 739 2059 duum
773 2018 934 2059 milium
965 2019 1184 2059 interiecto
1216 2019 1351 2073 spatio
1382 2018 1425 2057 in
1447 2017 1537 2057 acie

213 2089 438 2130 sconstitit.
500 2089 734 2142 Postquam
773 2088 874 2128 satis
916 2087 1073 2141 diuque
1105 2087 1375 2127 adversarios
1406 2084 1460 2126 ab
1494 2100 1537 2125 se

241 2158 296 2199 ad
329 2158 621 2199 dimicandum
654 2158 855 2197 invitatos
886 2156 1166 2211 supersedere
1207 2169 1376 2210 pugnae
1408 2155 1537 2194 anim-

211 2227 440 2279 3advertit,
474 2227 640 2268 reducit
662 2228 804 2281 copias
837 2231 1091 2280 posteroque
1123 2225 1191 2265 die
1223 2230 1363 2265 castra
1394 2228 1538 2263 movet

240 2302 369 2350 atque
400 2297 481 2336 iter
513 2295 567 2336 ad
601 2294 802 2350 oppidum
835 2296 1073 2347 Sarsuram,
1116 2292 1189 2334 ubi
1221 2293 1360 2347 Scipio
1392 2292 1535 2332 Numi-

240 2365 393 2407 darum
424 2364 636 2406 habuerat
674 2363 934 2418 praesidium
971 2363 1316 2417 frumentumque
1348 2375 1535 2416 compor-
