1674 2688
476 114 621 145 Lnffln
646 114 742 153 vui,
782 112 884 145 CAP.
911 113 1058 144 24-27.
1344 113 1426 154 247

117 240 246 284 rebat
278 255 419 296 neque
453 242 672 296 imperata
693 255 904 296 umquam
926 241 1010 282 nisi
1035 242 1235 283 exercitu
1258 246 1418 283 coacta

119 309 330 352 faciebat.

255 378 322 419 26.
355 379 541 421 Interim
573 377 712 420 Graius
738 377 952 419 Caninius
987 377 1178 432 legatus,
1203 393 1302 420 cum
1324 393 1414 420 ma-

113 462 248 502 gnam
294 447 625 490 multitudinem
674 448 940 489 convenisse
990 447 1183 489 hostium
1222 449 1267 488 in
1305 448 1416 489 fines

111 517 344 558 Pictonum
362 516 524 559 litteris
542 517 800 571 nuntiisque
821 516 1002 557 Duratii
1020 523 1324 570 cognosceret,
1344 518 1418 572 qui

111 592 322 641 perpetuo
365 587 407 626 in
449 586 649 627 amicitia
689 591 918 627 manserat
957 585 1270 639 Romanorum,
1318 600 1417 627 cum

110 669 213 710 pars
247 654 465 710 quaedam
498 654 701 695 civitatis
725 655 818 695 eius
844 653 1099 701 defecisset,
1124 653 1183 695 ad
1206 654 1416 710 oppidum

109 723 341 765 Limonem
374 723 618 765 contendit.
643 722 739 775 Quo
773 738 872 765 cum
903 722 1172 765 adventaret
1202 729 1336 779 atque
1360 738 1444 765 ex2

111 793 303 848 captivis
315 793 480 834 certius
499 798 803 846 cognosceret,
822 791 975 833 multis
992 791 1218 834 hominum
1235 791 1414 833 milibus

110 878 136 904 a
167 862 414 915 Dumnaco,
449 862 560 904 duce
593 861 802 915 Andium,
834 861 1075 903 Duratium
1108 861 1310 903 clausum
1337 860 1414 901 Li-

112 945 241 972 mone
274 931 536 986 oppugnari,
569 946 712 986 neque
745 931 943 972 infirmas
976 930 1176 985 legiones
1209 929 1413 972 hostibus

112 1000 391 1041 committere
438 999 638 1053 auderet,
691 1005 843 1041 castra
890 1000 1039 1055 posuit
1084 999 1181 1041 loco
1228 1000 1412 1041 munito.

110 1068 385 1122 Dumnacus,
409 1083 508 1110 cum
526 1070 883 1124 appropinquare
903 1067 1141 1110 Caninium
1158 1074 1412 1122 cognosset,
1427 1082 1442 1107 3

113 1137 253 1192 copiis
287 1136 490 1178 omnibus
524 1136 583 1178 ad
604 1136 804 1191 legiones
828 1138 1057 1178 conversis
1078 1143 1229 1178 castra
1251 1137 1409 1178 Roma-

108 1220 264 1246 norum
297 1219 554 1261 oppugnare
587 1206 798 1247 instituit.
832 1204 942 1247 Cum
965 1205 1214 1261 complures
1250 1206 1343 1247 dies
1367 1207 1411 1247 in
1425 1220 1443 1245 4

76 1299 80 1305 ·
110 1275 440 1330 oppugnatione
473 1276 823 1330 consumpsisset
857 1281 899 1316 et
931 1289 1094 1329 magno
1128 1290 1306 1317 suorum
1340 1275 1412 1317 de-

108 1344 314 1386 trimento
337 1343 504 1386 nullam
527 1351 701 1400 partem
731 1345 1027 1386 munitionum
1055 1344 1307 1387 convellere
1338 1359 1412 1401 po-

109 1414 283 1466 tuisset,
316 1429 470 1456 rursus
505 1414 563 1456 ad
596 1413 891 1456 obsidendum
922 1414 1156 1456 Limonem
1188 1414 1318 1456 redit.

223 1483 290 1524 27,
329 1482 500 1524 Eodem
540 1489 738 1538 tempore
777 1482 825 1525 C.
865 1483 1037 1525 Fabius
1077 1483 1253 1538 legatus
1295 1499 1411 1526 com-

108 1552 257 1608 plures
290 1553 500 1594 civitates
535 1553 580 1593 in
612 1552 745 1594 fidem
777 1554 950 1607 recipit,
1000 1552 1231 1594 obsidibus
1263 1553 1411 1594 firmat

107 1621 359 1677 litterisque
392 1619 478 1662 Gai
511 1620 691 1663 Caninii
723 1621 871 1663 Rebili
902 1615 950 1663 fit
991 1623 1170 1676 certior,
1212 1637 1326 1677 quae
1366 1624 1410 1664 in

108 1690 367 1732 Pictonibus
400 1698 627 1745 gerantur.
670 1690 839 1743 Quibus
872 1690 1005 1732 rebus
1047 1692 1241 1745 cognitis
1281 1691 1410 1746 profi-

108 1760 294 1802 ciscitur
325 1759 384 1801 ad
416 1759 636 1802 auxilium
666 1759 859 1802 Duratio
892 1760 1135 1801 ferendum.
1183 1760 1242 1802 At
1272 1760 1439 1802 Dum-2

107 1844 247 1871 nacus
282 1829 480 1872 adventu
511 1829 645 1871 Fabii
678 1830 857 1884 cognito
892 1829 1132 1885 desperata
1173 1829 1332 1884 salute,
1374 1830 1410 1870 si

109 1904 306 1954 tempore
326 1898 480 1940 eodem
498 1905 682 1940 coactus
707 1905 824 1940 esset
849 1905 890 1940 et
912 1899 1159 1940 Romanum
1177 1904 1408 1940 externum

107 1968 327 2009 sustinere
358 1965 529 2008 hostem
564 1972 607 2008 et
638 1968 861 2022 respicere
894 1982 945 2009 ac
968 1968 1124 2009 timere
1148 1966 1408 2023 oppidanos,

106 2042 287 2091 repente
320 2051 376 2077 ex
408 2050 458 2077 eo
491 2035 589 2078 loco
622 2050 720 2077 cum
753 2037 893 2091 copiis
916 2036 1090 2078 recedit
1121 2050 1203 2078 nec
1229 2051 1274 2078 se
1299 2037 1408 2078 satis

107 2110 251 2146 tutum
268 2104 362 2146 fore
381 2104 640 2158 arbitratur,
658 2106 745 2146 nisi
776 2105 954 2147 flumine
970 2105 1140 2160 Ligeri,
1166 2105 1284 2161 quod
1314 2111 1409 2147 erat

107 2180 240 2229 ponte
271 2179 452 2229 propter
490 2173 847 2228 magnitudinem
886 2174 1223 2227 transeundum,
1255 2176 1408 2231 copias

106 2241 399 2284 traduxisset.
438 2242 624 2296 Fabius,
672 2244 757 2285 etsi
796 2243 992 2285 nondum
1038 2245 1083 2285 in
1122 2250 1437 2299 conspectum3

107 2317 292 2354 venerat
337 2310 541 2353 hostibus
587 2326 730 2368 neque
771 2326 818 2354 se
863 2311 1053 2354 Caninio
1099 2314 1408 2366 coniunxerat,
