1674 2688
249 82 329 124 174
651 82 714 113 DE
742 82 898 113 BELLo
927 80 1135 112 GALLloo
1156 92 1162 97 ·

246 209 385 251 oculis
420 208 596 251 domum
627 209 829 262 remittit,
861 215 908 251 ut
942 209 1032 249 sint
1063 207 1246 263 reliquis
1280 207 1543 249 documento

247 285 291 320 ot
321 277 632 332 magnitudine
663 292 832 332 poenae
863 283 1142 332 perterreant
1176 275 1303 318 alios.

358 347 397 389 5.
420 347 503 389 His
523 347 752 404 suppliciis
770 347 977 389 celeriter
994 353 1151 388 coacto
1171 347 1372 388 exercitu
1383 345 1544 387 Lucte-

246 417 359 458 rium
391 415 657 470 Cadurcum,
692 432 887 458 summae
918 416 1139 457 hominem
1172 414 1414 468 audaciae,
1447 429 1546 456 cum

246 492 373 542 parte
404 486 630 542 copiarum
654 487 697 526 in
720 486 916 527 Rutenos
940 486 1101 539 mittit3
1133 486 1228 540 ipse
1251 485 1295 525 in
1318 484 1544 537 Bituriges

218 555 557 610 eproficiseitur.
619 554 728 596 Eius
769 553 966 596 adventu
997 554 1225 607 Bituriges
1258 552 1316 594 ad
1348 552 1544 605 Aeduos,

245 639 429 680 quorum
451 630 579 665 eran-t
602 624 646 664 in
668 622 768 676 fide,
801 622 976 677 legatos
999 623 1185 664 mittunt
1208 621 1456 663 subsidium
1478 636 1544 663 ro-

244 699 410 747 gatum,
434 707 518 748 quo
540 692 718 733 facilius
735 692 929 733 hostium
947 693 1099 747 copias
1118 692 1337 733 sustinere
1359 691 1545 746 possint.

215 762 388 805 aAedui
414 762 467 803 de
494 760 680 803 consilio
699 760 964 815 legatorum,
997 774 1105 815 quos
1129 759 1299 802 Caesar
1331 759 1389 801 ad
1422 775 1545 801 exer-

243 832 380 872 citum
402 830 659 887 reliquerat,
692 831 844 885 copias
866 831 1089 885 equitatus
1107 829 1421 885 peditatusque
1446 828 1545 870 sub-

213 900 358 942 4sidio
381 899 660 953 Biturigibus
691 900 887 941 mittunt.
941 899 1027 952 Qui
1059 915 1157 942 cum
1190 899 1248 940 ad
1278 899 1439 940 flumen
1470 899 1544 940 Li-

245 970 384 1024 gerim
406 970 651 1022 venissent,
684 968 801 1024 quod
823 968 1051 1023 Bituriges
1085 968 1141 1010 ab
1164 968 1333 1010 Aeduis
1369 967 1545 1022 dividit,

243 1053 409 1094 paucos
444 1038 538 1079 dies
571 1038 631 1079 ibi
665 1039 824 1080 morati
858 1053 998 1093 neque
1029 1038 1188 1079 flumen
1222 1038 1415 1078 transire
1447 1038 1544 1079 ausi

214 1125 230 1149 5
246 1108 421 1149 domum
443 1112 727 1148 revertuntur
744 1106 995 1162 legatisque
1013 1107 1178 1147 nostris
1201 1107 1474 1159 renuntiant,
1499 1121 1545 1146 se

244 1177 497 1230 Biturigum
528 1175 761 1231 perfidiam
793 1177 959 1217 veritos
993 1177 1254 1229 revertisse,
1298 1175 1456 1230 quibus
1499 1174 1545 1216 id

243 1245 420 1287 consilii
443 1245 580 1286 fuisse
603 1245 910 1298 cognoverint,
934 1250 995 1298 ut,
1019 1245 1055 1285 si
1077 1244 1236 1286 fiumen
1261 1245 1545 1297 transissent,

243 1330 331 1355 una
355 1329 410 1355 ex
433 1320 558 1369 parte
582 1315 680 1369 ipsi,
705 1313 848 1356 altera
867 1313 1058 1355 Arverni
1083 1329 1130 1355 se
1147 1314 1544 1355 circumsisterent.

214 1383 297 1425 cId
329 1398 439 1424 eane
473 1383 526 1424 de
558 1397 710 1436 causa,
743 1397 875 1437 quam
905 1382 1069 1437 legatis
1093 1383 1454 1437 pronuntiarunt,
1487 1397 1544 1423 an

244 1451 430 1507 perfidia
463 1451 647 1493 adducti
680 1451 883 1505 fecerint,
918 1451 1035 1507 quod
1057 1450 1166 1492 nihil
1189 1451 1318 1492 nobis
1352 1457 1544 1504 constat,

215 1535 228 1559 τ
244 1535 330 1562 non
353 1520 533 1562 videtur
565 1535 642 1575 pro
666 1527 789 1561 certo
814 1535 910 1561 esse
933 1520 1280 1575 proponendum.
1315 1520 1543 1574 Bituriges

245 1605 394 1631 eorum
428 1590 630 1631 discessu
664 1591 817 1632 statim
849 1605 948 1632 cum
981 1590 1196 1631 Arvernis
1230 1591 1486 1644 iunguntur.

358 1659 395 1700 6.
429 1659 512 1699 His
546 1658 678 1700 rebus
712 1660 755 1700 in
780 1659 959 1700 Italiam
983 1658 1168 1700 Caesari
1192 1660 1412 1700 nuntiatis
1445 1673 1543 1699 cum

244 1729 331 1769 iam
364 1727 439 1769 ille
470 1727 668 1769 urbanas
703 1743 772 1769 res
805 1728 971 1769 virtute
996 1726 1109 1769 Gnei
1142 1728 1321 1783 Pompei
1354 1742 1542 1769 commo-

245 1796 412 1838 diorem
435 1797 478 1837 in
504 1803 668 1838 statum
691 1797 948 1852 pervenisse
981 1796 1278 1851 intellegeret,
1312 1798 1355 1838 in
1379 1796 1542 1838 Trans-

216 1865 442 1921 2alpinam
475 1863 672 1906 Galliam
704 1865 928 1920 profectus
962 1872 1041 1906 est.
1103 1865 1168 1906 Eo
1201 1880 1299 1907 cum
1331 1866 1543 1919 venisset,

241 1948 406 1988 magna
426 1934 691 1976 difficultate
709 1934 1006 1989 afficiebatur,
1040 1950 1125 1990 qua
1148 1936 1322 1976 ratione
1341 1934 1400 1976 ad
1418 1950 1542 1977 exer-

212 2005 378 2045 :zcitum
398 2004 629 2059 pervenire
652 2011 815 2059 posset.
861 2004 974 2046 Nam
1000 2005 1035 2045 si
1059 2004 1256 2058 legiones
1291 2005 1334 2045 in
1366 2005 1542 2059 provin-

243 2074 358 2114 ciam
381 2080 644 2126 arcesseret,
679 2088 725 2114 se
758 2072 944 2114 absente
977 2074 1021 2114 in
1045 2074 1202 2114 itinere
1225 2072 1393 2128 proelio
1420 2073 1544 2114 dimi-

214 2155 229 2178 4
243 2148 424 2183 caturas
435 2141 749 2196 intellegebat,
763 2143 799 2183 si
812 2143 905 2198 ipse
916 2142 975 2183 ad
987 2143 1231 2183 exercitum
1243 2141 1545 2195 contenderet,

242 2225 296 2251 ne
329 2211 382 2251 iis
415 2210 592 2266 quidem
633 2226 682 2252 eo
714 2218 932 2266 tempore,
974 2212 1047 2266 qui
1090 2212 1227 2266 quieti
1272 2210 1543 2260 viderentur,

243 2294 366 2320 suam
401 2280 588 2321 salutem
622 2286 741 2321 recte
774 2281 989 2321 committi
1022 2280 1220 2321 videbat.
