1674 2688
559 155 703 187 LIBER
728 155 774 194 11,
809 154 911 186 CAP.
937 155 1082 188 32-35.
1419 155 1473 196 83

170 286 333 340 equites
365 283 548 326 hostium
580 297 664 323 non
697 280 896 333 tulerunt,
930 281 1005 322 sed
1037 280 1233 322 admissis
1265 282 1385 336 equis
1417 281 1473 322 ad

170 369 267 396 suos
299 353 566 405 refugerunt3
601 350 733 392 relicti
766 349 820 391 ab
853 350 930 401 his,
964 351 1033 404 qui
1068 364 1153 391 una
1171 356 1475 405 procurrerant

170 422 274 464 levis
321 427 578 471 armaturae,
612 418 1059 460 circumvenio]›antur
1091 424 1218 473 atquc
1252 419 1472 461 interficie-

170 490 327 533 bantur
358 489 413 532 ab
445 489 611 531 nostris.
646 488 744 529 Huc
775 494 863 528 tota
886 488 991 528 Vari
1013 502 1219 528 conversa
1242 489 1354 529 acies
1376 503 1473 530 suos

171 560 319 613 fugere
362 565 404 600 et
445 557 610 599 concidi
653 555 840 597 videbat.
903 556 1025 597 Tunc
1074 555 1260 608 Rebilus,
1308 556 1496 611 legatust

169 628 379 680 Caesa1is,
431 641 559 682 quem
605 625 734 667 (durio
788 639 933 666 secum
979 640 1033 665 ex
1082 625 1224 667 Sicilia
1275 625 1472 679 duxer,at

169 696 283 751 quod
330 710 535 751 magnum
581 694 742 735 habeie
788 709 913 735 usum
944 695 984 735 in
1018 708 1063 735 ie
1095 694 1265 736 militari
1297 695 1472 748 sciebat,

163 763 486 820 ⁹·”pc1teiiitun1',
520 765 669 819 inquit,
696 761 881 805 hostem
913 763 1046 815 xides,
1081 762 1233 804 (uiioz
1265 763 1368 819 quid
1401 764 1472 805 du-

168 834 278 876 bitas
309 835 369 875 uti
400 835 601 889 tempoiis
625 834 939 888 o}·)poitunitat‹
950 832 983 874 ἴθ’
1018 832 1091 873 Ille
1114 847 1247 874 unum
1269 833 1504 886 clocutus,⁵

168 909 216 944 ut
245 905 450 944 memoria
497 909 691 945 tenerent
741 902 893 944 milites
940 918 1003 955 ea,
1055 917 1165 957 quae
1212 902 1348 958 pridie
1393 902 1473 943 sibi

170 973 508 1024 confirmassent,
556 972 675 1026 sequi
722 985 813 1011 sese
861 969 978 1012 iubet
1009 977 1050 1012 et
1090 972 1329 1026 praecurrit
1374 978 1473 1013 ante

168 1056 327 1082 omnes.
360 1040 484 1082 Adeo
517 1047 608 1081 erat
640 1040 844 1095 impedita
875 1039 1009 1092 vallis,
1042 1046 1089 1081 ut
1120 1041 1159 1080 in
1183 1054 1363 1081 ascensu
1394 1041 1472 1081 nisi

167 1109 378 1151 sublevati
409 1125 435 1150 a
467 1110 552 1150 suis
595 1110 718 1164 primi
760 1124 844 1150 non
886 1108 1007 1150 facile
1048 1110 1323 1150 eniterentur.
1387 1108 1501 1150 sede

167 1184 504 1234 praeoccupatus
536 1180 702 1219 animus
734 1177 1009 1219 Attianorum
1040 1177 1219 1218 militum
1250 1179 1400 1218 timore
1432 1183 1474 1218 et

168 1248 271 1303 fuga
303 1254 344 1289 et
375 1247 508 1288 caede
540 1261 714 1288 suorum
745 1246 849 1288 nihil
880 1246 933 1287 de
971 1246 1208 1287 resistendo
1241 1246 1470 1301 cogitabat,

169 1331 402 1372 omnesque
434 1331 478 1357 se
510 1317 595 1358 iam
627 1316 682 1358 ab
722 1317 915 1372 equitatu
954 1317 1253 1357 circumveniri
1293 1315 1471 1357 arbitra-

169 1385 339 1428 bantur.
402 1387 553 1441 Itaque
594 1387 844 1441 priusquam
875 1385 1006 1427 telum
1045 1385 1155 1426 abici
1196 1392 1350 1440 posset,
1397 1391 1472 1426 aut

166 1457 299 1496 nostri
345 1456 518 1511 propius
567 1454 836 1508 accederent,
885 1456 1020 1496 omnis
1052 1455 1158 1496 Vari
1196 1455 1310 1497 acies
1348 1460 1471 1510 terga

166 1525 296 1566 vertit
327 1538 457 1580 seque
489 1526 531 1565 in
564 1530 705 1565 castra
736 1526 909 1580 recepit.

303 1593 370 1634 35.
405 1594 503 1647 Qua
542 1595 584 1634 in
622 1594 725 1648 fuga
764 1593 926 1635 Fabius
968 1593 1168 1649 Pelignus
1208 1593 1383 1648 quidam
1415 1608 1471 1635 ex

166 1664 322 1704 infimis
355 1662 574 1704 ordinibus
597 1662 650 1703 de
673 1664 867 1704 exercitu
888 1662 1083 1704 Curionis
1106 1665 1289 1718 primum
1315 1678 1470 1718 agmen

166 1731 419 1786 fugientium
465 1738 718 1774 consecutus
764 1747 922 1787 magna
952 1747 1058 1774 voce
1089 1732 1256 1774 Varum
1300 1734 1470 1773 nomine

165 1800 383 1856 appellans
415 1801 675 1856 requirebat,
709 1803 770 1843 uti
802 1816 912 1844 unus
944 1816 1036 1843 esse
1068 1816 1124 1843 ex
1155 1803 1245 1843 eius
1267 1801 1469 1844 militibus

164 1876 206 1910 et
236 1884 410 1911 monere
441 1870 601 1925 aliquid
633 1870 739 1911 velle
772 1886 823 1912 ac
855 1870 997 1912 dicere
1028 1871 1260 1913 videretur.
1293 1871 1380 1913 Ubi
1402 1871 1497 1915 ille2

165 1940 334 1994 saepius
380 1940 618 1996 appellatus
664 1942 833 1996 aspexit
864 1957 914 1982 ac
946 1942 1100 1982 restitit
1131 1946 1184 1994 et,
1233 1942 1326 1996 quis
1358 1947 1470 1982 esset

163 2013 238 2049 aut
269 2008 371 2063 quid
405 2008 544 2062 vellet,
593 2011 816 2064 quaesivit,
863 2025 1060 2051 umerum
1099 2015 1296 2066 apertum
1327 2009 1468 2065 gladio

164 2078 327 2132 appetit
367 2077 626 2134 paulumque
674 2079 792 2132 afuit,
840 2081 942 2134 quin
974 2080 1141 2121 Varum
1186 2079 1466 2133 interficeret,

166 2146 281 2200 quod
312 2146 379 2187 ille
411 2147 646 2202 periculum
678 2147 844 2190 sublato
882 2148 937 2190 ad
978 2150 1067 2190 eius
1109 2155 1309 2190 conatum
1349 2155 1468 2190 scuto

163 2215 326 2256 vitavit.
374 2215 536 2258 Fabius
580 2232 605 2258 a
651 2218 857 2272 proximis
902 2218 1106 2260 militibus
1151 2220 1468 2260 circumventus

162 2283 426 2326 interficitur.
489 2285 586 2327 Hac
630 2286 884 2341 fugientium
929 2287 1199 2329 multitudine
1245 2302 1295 2328 ac
1342 2287 1496 2329 turbas

162 2358 310 2406 portae
357 2360 594 2396 castrorum
641 2363 905 2412 occupantur
951 2363 1079 2413 atque
1112 2358 1191 2399 iter
1222 2356 1464 2413 impeditur,

1259 2424 1308 2456 δὴ
